<record><leader>00000cas a2200000 a 4500</leader><controlfield tag="001">50677939</controlfield><controlfield tag="006">m     o  d        </controlfield><controlfield tag="007">cr an|||||||||</controlfield><controlfield tag="008">020926d18221829dcuwr nso     0    0eng c</controlfield><datafield ind1=" " ind2=" " tag="010"><subfield code="a">  2008266856</subfield></datafield><datafield ind1=" " ind2=" " tag="040"><subfield code="a">APSON</subfield><subfield code="b">eng</subfield><subfield code="c">APSON</subfield><subfield code="d">OCLCQ</subfield><subfield code="d">APSON</subfield><subfield code="d">GUA</subfield><subfield code="d">DLC</subfield><subfield code="d">OCLCQ</subfield><subfield code="d">OCLCA</subfield><subfield code="d">OCLCF</subfield><subfield code="d">OCLCO</subfield><subfield code="d">OCLCQ</subfield></datafield><datafield ind1=" " ind2=" " tag="042"><subfield code="a">pcc</subfield></datafield><datafield ind1=" " ind2=" " tag="043"><subfield code="a">n-us-dc</subfield></datafield><datafield ind1="1" ind2="4" tag="050"><subfield code="a">BX6201</subfield></datafield><datafield ind1="0" ind2=" " tag="130"><subfield code="a">Columbian star (Washington, D.C. : Online)</subfield></datafield><datafield ind1="1" ind2="4" tag="245"><subfield code="a">The Columbian star.</subfield></datafield><datafield ind1=" " ind2=" " tag="260"><subfield code="a">Washington City :</subfield><subfield code="b">Anderson &amp; Meehan,</subfield><subfield code="c">1822-1829.</subfield></datafield><datafield ind1=" " ind2=" " tag="310"><subfield code="a">Weekly</subfield></datafield><datafield ind1=" " ind2=" " tag="336"><subfield code="a">text</subfield><subfield code="b">txt</subfield><subfield code="2">rdacontent</subfield></datafield><datafield ind1=" " ind2=" " tag="337"><subfield code="a">computer</subfield><subfield code="b">c</subfield><subfield code="2">rdamedia</subfield></datafield><datafield ind1=" " ind2=" " tag="338"><subfield code="a">online resource</subfield><subfield code="b">cr</subfield><subfield code="2">rdacarrier</subfield></datafield><datafield ind1="0" ind2=" " tag="362"><subfield code="a">Vol. 1, no. 1 (Feb. 2, 1822)-v. 8, no. 18 (May 2, 1829).</subfield></datafield><datafield ind1=" " ind2=" " tag="500"><subfield code="a">Title from pdf caption (ProQuest APS Online, viewed Oct. 1, 2008).</subfield></datafield><datafield ind1=" " ind2=" " tag="530"><subfield code="a">Also issued in print and on microfilm.</subfield></datafield><datafield ind1=" " ind2=" " tag="538"><subfield code="a">Mode of access: World Wide Web.</subfield></datafield><datafield ind1=" " ind2=" " tag="550"><subfield code="a">Vols. for 1823-&lt;June 9, 1827&gt; issued by the Baptist General Convention (called, 1823-1824, General Convention of the Baptist Denomination in the United States).</subfield></datafield><datafield ind1=" " ind2="0" tag="650"><subfield code="a">Baptists</subfield><subfield code="z">Washington (D.C.)</subfield><subfield code="v">Newspapers.</subfield></datafield><datafield ind1=" " ind2="0" tag="651"><subfield code="a">Washington (D.C.)</subfield><subfield code="v">Newspapers.</subfield></datafield><datafield ind1=" " ind2="7" tag="650"><subfield code="a">Baptists.</subfield><subfield code="2">fast</subfield><subfield code="0">(OCoLC)fst00827285</subfield></datafield><datafield ind1=" " ind2="7" tag="651"><subfield code="a">Washington (D.C.)</subfield><subfield code="2">fast</subfield><subfield code="0">(OCoLC)fst01204505</subfield></datafield><datafield ind1=" " ind2="7" tag="655"><subfield code="a">Newspapers.</subfield><subfield code="2">fast</subfield><subfield code="0">(OCoLC)fst01423814</subfield></datafield><datafield ind1="2" ind2=" " tag="710"><subfield code="a">Baptist General Convention for Foreign Missions (U.S.)</subfield></datafield><datafield ind1=" " ind2=" " tag="752"><subfield code="a">United States</subfield><subfield code="b">District of Columbia</subfield><subfield code="d">Washington.</subfield></datafield><datafield ind1="1" ind2=" " tag="776"><subfield code="t">Columbian star (Washington, D.C.)</subfield><subfield code="x">2158-6357</subfield><subfield code="w">(DLC)   56053851</subfield><subfield code="w">(OCoLC)1564271</subfield></datafield><datafield ind1="0" ind2="0" tag="785"><subfield code="t">Columbian star, and Christian index (Online)</subfield><subfield code="w">(DLC)  2008266857</subfield><subfield code="w">(OCoLC)69858672</subfield></datafield><datafield ind1="4" ind2="0" tag="856"><subfield code="u">http://gateway.proquest.com/openurl?url_ver=Z39.88-2004&amp;res_dat=xri:pqd::hnp&amp;rft_val_fmt=info:ofi/fmt:kev:mtx:journal&amp;rft_dat=xri:pqd:PMID=41147</subfield></datafield></record>